% References for MUSCAT Enhanced Framework Paper

% Primary Reference - MUSCAT Original Paper
@inproceedings{muscat2023,
  title={Multi-Sensor Placement and Information Fusion Analysis to Enable Beyond Visual Line of Sight Operations for Small Uncrewed Aerial Vehicles},
  author={Kukulka de Albuquerque, Pedro and Sherry, Lance and Ferrari, Jair Feldens and Hieb, Michael and Raz, Ali and Costa, Paulo},
  booktitle={2023 IEEE/AIAA 42nd Digital Avionics Systems Conference (DASC)},
  pages={1--8},
  year={2023},
  organization={IEEE},
  doi={10.1109/DASC58513.2023.10311249}
}

% Information Fusion and UAS
@inproceedings{blasch2021information,
  title={Information Fusion as an Autonomy Enabler for UAS Traffic Management (UTM)},
  author={Blasch, Erik and Raz, Ali K and Sabatini, Roberto and Insaurralde, Carlos C},
  booktitle={Proceedings of the AIAA Scitech Forum},
  pages={1--12},
  year={2021}
}

% UAM Concept of Operations
@techreport{faa2023uam,
  title={Urban Air Mobility (UAM) Concept of Operations - Version 2.0},
  author={{Federal Aviation Administration}},
  year={2023},
  institution={FAA}
}

% Multi-sensor Detection
@article{guvenc2018detection,
  title={Detection, Tracking, and Interdiction for Amateur Drones},
  author={Guvenc, Ismail and Koohifar, Farshad and Singh, Sanjay and Sichitiu, Mihail L and Matolak, David},
  journal={IEEE Communications Magazine},
  volume={56},
  number={4},
  pages={75--81},
  year={2018},
  publisher={IEEE}
}

% Multi-sensor Fusion for UAV
@inproceedings{jovanoska2018multisensor,
  title={Multisensor Data Fusion for UAV Detection and Tracking},
  author={Jovanoska, Snezana and Br{\"o}tje, Meik and Koch, Wolfgang},
  booktitle={2018 19th International Radar Symposium (IRS)},
  pages={1--10},
  year={2018},
  organization={IEEE}
}

% Multi-sensory Data Fusion in 3D
@article{dudczyk2022multisensor,
  title={Multi-sensory Data Fusion in Terms of UAV Detection in 3D Space},
  author={Dudczyk, Janusz and Czyba, Roman and Skrzypczyk, Krzysztof},
  journal={Sensors},
  volume={22},
  number={12},
  pages={4323},
  year={2022},
  publisher={MDPI}
}

% Resource Allocation
@incollection{katoh1998resource,
  title={Resource Allocation Problems},
  author={Katoh, Naoki and Ibaraki, Toshihide},
  booktitle={Handbook of Combinatorial Optimization: Volume 1--3},
  pages={905--1006},
  year={1998},
  publisher={Springer}
}

% Radar Networks for UAM
@inproceedings{aievola2022ground,
  title={Ground-based Radar Networks for Urban Air Mobility: Design Considerations and Performance Analysis},
  author={Aievola, R and Causa, F and Fasano, G and Manica, L and Gentile, G and Dubois, M},
  booktitle={2022 IEEE/AIAA 41st Digital Avionics Systems Conference (DASC)},
  pages={1--10},
  year={2022},
  organization={IEEE}
}

% Genetic Algorithms
@book{holland1992adaptation,
  title={Adaptation in Natural and Artificial Systems: An Introductory Analysis with Applications to Biology, Control, and Artificial Intelligence},
  author={Holland, John Henry},
  year={1992},
  publisher={MIT Press}
}

% GA for Wireless Sensor Networks
@article{zou2019WSN,
  title={Genetic Algorithm Based Wireless Sensor Network Localization},
  author={Zou, Yi and Liu, Hui},
  journal={IEEE Internet of Things Journal},
  volume={6},
  number={2},
  pages={3002--3010},
  year={2019}
}

% GA for Radar Networks
@inproceedings{charlish2016radar,
  title={Sensor Management for Radar Using Genetic Algorithms},
  author={Charlish, Allan and Woodbridge, Karl and Griffiths, Hugh},
  booktitle={2016 IEEE Radar Conference},
  pages={1--5},
  year={2016},
  organization={IEEE}
}

% 3GPP Channel Model
@techreport{3gpp38901,
  title={Study on Channel Model for Frequencies from 0.5 to 100 GHz},
  author={{3rd Generation Partnership Project (3GPP)}},
  year={2020},
  institution={3GPP},
  number={TR 38.901 V16.1.0}
}

% OpenStreetMap Applications
@article{osm_applications,
  title={OpenStreetMap: Using and Enhancing the Free Map of the World},
  author={Jokar Arsanjani, Jamal and Zipf, Alexander and Mooney, Peter and Helbich, Marco},
  journal={Lecture Notes in Geoinformation and Cartography},
  year={2015},
  publisher={Springer}
}

% DEAP Framework
@article{deap2012,
  title={DEAP: Evolutionary Algorithms Made Easy},
  author={Fortin, F{\'e}lix-Antoine and De Rainville, Fran{\c{c}}ois-Michel and Gardner, Marc-Andr{\'e} and Parizeau, Marc and Gagn{\'e}, Christian},
  journal={Journal of Machine Learning Research},
  volume={13},
  pages={2171--2175},
  year={2012}
}

% JDL Data Fusion Model
@book{liggins2009handbook,
  title={Handbook of Multisensor Data Fusion: Theory and Practice},
  author={Liggins II, Martin and Hall, David and Llinas, James},
  year={2009},
  publisher={CRC Press}
}

% ITU-R Propagation Models
@techreport{itur_p1411,
  title={Propagation Data and Prediction Methods for the Planning of Short-Range Outdoor Radiocommunication Systems},
  author={{ITU-R}},
  year={2019},
  institution={International Telecommunication Union},
  number={Recommendation ITU-R P.1411-10}
}

% Radar Detection
@inproceedings{semkin2020analyzing,
  title={Analyzing Radar Cross Section Signatures of Diverse Drone Models at mmWave Frequencies},
  author={Semkin, Vasilii and Haarla, Janne and Pairon, Timo and Slezak, Clemens and Rangan, Sundeep and Viikari, Ville and Oestges, Claude},
  booktitle={2020 IEEE International Conference on Communications Workshops},
  pages={1--6},
  year={2020},
  organization={IEEE}
}



% Multi-Objective Optimization - NSGA-II
@article{deb2002fast,
  title={A fast and elitist multiobjective genetic algorithm: NSGA-II},
  author={Deb, Kalyanmoy and Pratap, Amrit and Agarwal, Sameer and Meyarivan, TAMT},
  journal={IEEE Transactions on Evolutionary Computation},
  volume={6},
  number={2},
  pages={182--197},
  year={2002},
  publisher={IEEE},
  doi={10.1109/4235.996017}
}

% UTM and BVLOS Operations
@article{kopardekar2016unmanned,
  title={Unmanned Aerial System Traffic Management (UTM) concept of operations},
  author={Kopardekar, Parimal and Rios, Joseph and Prevot, Thomas and Johnson, Marcus and Jung, Jaewoo and Robinson, John E},
  journal={AIAA Aviation Forum},
  year={2016},
  doi={10.2514/6.2016-3292}
}

@article{mueller2017enabling,
  title={Enabling airspace integration for high-density on-demand mobility operations},
  author={Mueller, Eric R and Kopardekar, Parimal H and Goodrich, Kenneth H},
  journal={AIAA Aviation Technology, Integration, and Operations Conference},
  year={2017},
  doi={10.2514/6.2017-3086}
}

@techreport{faa2020utm,
  title={UAS Traffic Management (UTM) Concept of Operations},
  author={{Federal Aviation Administration}},
  year={2020},
  institution={FAA},
  number={Version 2.0}
}

@techreport{nasa2021utm,
  title={Urban Air Mobility Airspace Integration Concepts and Considerations},
  author={{NASA}},
  year={2021},
  institution={NASA Ames Research Center}
}
